@misc{zhujianpin:2009,
    author  =   {朱建平},
    title   =   {厦门大学博士(硕士)论文LATEX模板},
    url     =   {http://se.xmu.edu.cn/blog/zhujianping/archive/2009/05/18/14584.html}
}

@misc{chenyu:2005,
    author  =   {陈昱},
    title   =   {XMUthesis},
    url     =   {http://sourceforge.net/projects/xmuthesis/}
}

@misc{tantau:pgf,
    author  =   {Till Tantau},
    title   =   {PGF and TikZ -- Graphic systems for TeX},
    url     =   {http://sourceforge.net/projects/pgf/}
}

@misc{seu:latex,
    author  =   {xuyuan.cn},
    title   =   {东南大学LaTeX学位论文模板},
    url     =   {http://code.google.com/p/seuthesis/}
}

@book{latexcompii,
  title={{The latex companion}},
  author={Mittelbach, F. and Goossens, M. and Braams, J. and Detig, C. and Carlisle, D. and Rowley, C. and Schrod, J.},
  year={2004},
  publisher={Addison-Wesley}
}

@book{latexguide,
  title={{Guide to LATEX: tools and techniques for computer typesetting}},
  author={Kopka, H. and Daly, P.W.},
  year={2004},
  publisher={Addison-Wesley}
}

